@BOOK{Embedded_Networking_CAN,
    AUTHOR="Olaf Pfeiffer and Andrew Ayre and Christian Keydel",
    TITLE="Embedded Networking with CAN and CANopen",
    PUBLISHER="Copperhill Media",
    YEAR="2008",
}

@BOOK{UnderstandingCAN,
    AUTHOR="Marco Di Natale and Haibo Zeng and Paolo Giusto and Arkadeb Ghosal",
    TITLE="Understanding and Using the Controller Area Network Communication Protocol",
    PUBLISHER="Springer",
    YEAR="2012",
}

@BOOK{Industrial_Automation_Hands_On,
    AUTHOR="Frank Lamb",
    TITLE="Industrial Automation: Hands-On",
    PUBLISHER="McGraw Hill Professional",
    YEAR="2013",
}

@BOOK{Introduction_Industrial_Automation,
    AUTHOR="Stamatios Manesis and George Nikolakopoulos",
    TITLE="Introduction to Industrial Automation",
    PUBLISHER="CRC Press",
    YEAR="2018",
}

@BOOK{Arduino_Cookbook,
    AUTHOR="Michael Margolis",
    TITLE="Arduino Cookbook",
    PUBLISHER="O'Reilly Media Inc",
    YEAR="2011",
}

@misc{wikipedia_CAN,
	author = {{Wikipedia}},
	title = {CAN bus},
	url = {https://en.wikipedia.org/wiki/CAN_bus},
	note = {Visitado el 20/01/2023},
	year = {2023}
}

@misc{web_ISO_CAN,
	author = {{ISO}},
	title = {Road vehicles — Controller area network (CAN) — Part 2: High-speed medium access unit},
	url = {https://www.iso.org/standard/33423.html#:~:text=ISO%2011898%2D2%3A2003%20specifies,protocol%20that%20supports%20distributed%20real%2D},
	note = {Visitado el 20/01/2023},
	year = {2023}
}

@misc{web_A4954,
	author = {{Allegro microsystems}},
	title = {A4954: Dual Full-Bridge DMOS PWM Motor Driver},
	url = {https://www.allegromicro.com/en/products/motor-drivers/brush-dc-motor-drivers/a4954},
	note = {Visitado el 22/01/2023},
	year = {2023}
}

@misc{web_AS5047D,
	author = {{AMS}},
	title = {AS5047D High Speed Position Sensor},
	url = {https://ams.com/en/as5047d},
	note = {Visitado el 22/01/2023},
	year = {2023}
}

@misc{web_mechaduino,
	author = {{Tropical Labs}},
	title = {Mechaduino},
	url = {https://tropical-labs.com/mechaduino/},
	note = {Visitado el 22/01/2023},
	year = {2023}
}

@misc{web_interfaz_USB_UART,
	author = {{Cypress}},
	title = {CY7C64225 - USB-to-UART Bridge Controller},
	url = {https://ar.mouser.com/datasheet/2/196/CYPR_S_A0003298042_1-3003715.pdf},
	note = {Visitado el 04/02/2023},
	year = {2023}
}

@misc{web_transciever_CAN,
	author = {{Analog Devices}},
	title = {LTC2875 - High Speed CAN FD Transceiver},
	url = {https://www.analog.com/media/en/technical-documentation/data-sheets/LTC2875.pdf},
	note = {Visitado el 22/01/2023},
	year = {2023}
}

@misc{web_ATSAMC21G18A,
	author = {{Microchip}},
	title = {ATSAMC21G18A},
	url = {https://www.microchip.com/en-us/product/ATSAMC21G18A},
	note = {Visitado el 22/01/2023},
	year = {2023}
}

@misc{web_optoacopladores_LTV,
	author = {{LITEON}},
	title = {Photocoupler Product Data Sheet},
	url = {https://optoelectronics.liteon.com/upload/download/ds-70-96-0016/ltv-8x7%20series%20201610%20.pdf},
	note = {Visitado el 22/01/2023},
	year = {2023}
}

@misc{web_keypad,
	author = {{Adafruit}},
	title = {4x4 Matrix Keypad},
	url = {https://media.digikey.com/pdf/Data%20Sheets/Adafruit%20PDFs/3844_Web.pdf},
	note = {Visitado el 05/02/2023},
	year = {2023}
}

@ARTICLE{paper_PID_steppers,
	AUTHOR = "Stefano Ricci and Valentino Meacci",
	TITLE = "Simple Torque Control Method for Hybrid Stepper Motors Implemented in FPGA",
	YEAR = 2018,
}

@ARTICLE{tpf_gabriel,
	AUTHOR = "Gabriel Gavinowich",
	TITLE = "Implementación de biblioteca CAN para sAPI",
	YEAR = 2020,
}

@ARTICLE{plan_trabajo,
	AUTHOR = "Alejandro Virgillo",
	TITLE = "Controlador CAN de Servomotores - Plan de trabajo",
	YEAR = 2021,
}

@misc{web_cia_can,
	author = {{CiA}},
	title = {CAN in Automation},
	url = {https://www.can-cia.org/},
	note = {Visitado el 18/02/2023},
	year = {2023}
}

@misc{web_comparacion_actuadores,
	author = {{Oriental motor}},
	title = {Pneumatic Actuators vs Electric Actuators: Which is Better?},
	url = {https://blog.orientalmotor.com/pneumatic-actuators-vs-electric-actuators-which-is-better},
	note = {Visitado el 19/02/2023},
	year = {2023}
}

@ARTICLE{can_basics_microchip,
	AUTHOR = "Keith Pazul",
	TITLE = "Controller Area Network (CAN) Basics",
	YEAR = 2018,
}

@misc{web_nema,
	author = {{NEMA}},
	title = {National Electrical Manufacturers Association},
	url = {https://www.nema.org/},
	note = {Visitado el 19/02/2023},
	year = {2023}
}

@misc{web_canopen,
	author = {{CiA}},
	title = {CANopen – The standardized embedded network},
	url = {https://www.can-cia.org/canopen/},
	note = {Visitado el 19/02/2023},
	year = {2023}
}

@misc{web_repo_display_i2c,
	author = {{johnrickman}},
	title = {LiquidCrystal I2C},
	url = {https://github.com/johnrickman/LiquidCrystal_I2C},
	note = {Visitado el 19/02/2023},
	year = {2020}
}

@misc{web_repo_keypad,
	author = {{Chris--A}},
	title = {Keypad},
	url = {https://github.com/johnrickman/LiquidCrystal_I2C},
	note = {Visitado el 19/02/2023},
	year = {2017}
}

@misc{web_cambre,
	author = {{Cambre}},
	title = {Cambre},
	url = {https://cambre.com.ar/},
	note = {Visitado el 19/02/2023},
	year = {2023}
}

@misc{web_digikey,
	author = {{Digikey}},
	title = {Digikey},
	url = {https://www.digikey.com/},
	note = {Visitado el 20/02/2023},
	year = {2023}
}

@misc{web_syc,
	author = {{SyC}},
	title = {SyC},
	url = {https://www.sycelectronica.com.ar/productos.php},
	note = {Visitado el 20/02/2023},
	year = {2023}
}

@misc{web_LM2575,
	author = {{Texas Instruments}},
	title = {LM2575 1-A Simple Step-Down Switching Voltage Regulator},
	url = {https://www.ti.com/lit/ds/symlink/lm2575.pdf?ts=1676886811918&ref_url=https%253A%252F%252Fwww.google.com%252F},
	note = {Visitado el 20/02/2023},
	year = {2023}
}

@misc{web_adafruit,
	author = {{Adafruit}},
	title = {Adafruit},
	url = {https://www.adafruit.com/},
	note = {Visitado el 20/02/2023},
	year = {2023}
}

@misc{web_dev_board,
	author = {{Microchip}},
	title = {SAM C21 XPLAINED PRO EVALUATION KIT},
	url = {https://www.adafruit.com/},
	note = {Visitado el 20/02/2023},
	year = {2023}
}

@misc{web_microchip_studio,
	author = {{Microchip}},
	title = {Microchip Studio for AVR and SAM Devices},
	url = {https://www.microchip.com/en-us/tools-resources/develop/microchip-studio},
	note = {Visitado el 20/02/2023},
	year = {2023}
}

@misc{web_arduino,
	author = {{Arduino}},
	title = {Arduino},
	url = {https://www.arduino.cc/},
	note = {Visitado el 20/02/2023},
	year = {2023}
}

@misc{web_altium,
	author = {{Altium}},
	title = {Altium},
	url = {https://www.altium.com/},
	note = {Visitado el 20/02/2023},
	year = {2023}
}

@misc{web_pcbwing,
	author = {{PCBWING}},
	title = {PCBWING},
	url = {https://www.pcbwing.com/},
	note = {Visitado el 20/02/2023},
	year = {2023}
}

@misc{web_pcbwing_capabilities,
	author = {{PCBWING}},
	title = {PCBWING capabilities},
	url = {https://www.pcbwing.com/Capability.php},
	note = {Visitado el 02/04/2023},
	year = {2023}
}

@misc{web_combicon,
	author = {{Phoenix Contact}},
	title = {COMBICON},
	url = {https://combicon50.phoenixcontact.com/en/combicon-50.html},
	note = {Visitado el 20/02/2023},
	year = {2023}
}

@misc{web_xh_connector,
	author = {{JST}},
	title = {XH Connector},
	url = {https://www.jst.com/products/crimp-style-connectors-wire-to-board-type/xh-connector/},
	note = {Visitado el 20/02/2023},
	year = {2023}
}

@misc{web_inventor,
	author = {{Autodesk}},
	title = {Inventor},
	url = {https://www.autodesk.com/products/inventor/overview},
	note = {Visitado el 20/02/2023},
	year = {2023}
}

@misc{web_grabcad,
	author = {{GRABCAD}},
	title = {GRABCAD},
	url = {https://grabcad.com/},
	note = {Visitado el 20/02/2023},
	year = {2023}
}

@misc{web_ender3,
	author = {{Creality}},
	title = {Ender-3},
	url = {https://www.creality.com/products/ender-3-3d-printer},
	note = {Visitado el 20/02/2023},
	year = {2023}
}

@misc{web_cura3d,
	author = {{UltiMaker}},
	title = {Cura 3D},
	url = {https://ultimaker.com/software/ultimaker-cura},
	note = {Visitado el 20/02/2023},
	year = {2023}
}

@misc{web_hantek,
	author = {{Hantek Electronics}},
	title = {DSO2000 Series},
	url = {http://hantek.com/products/detail/17182},
	note = {Visitado el 02/04/2023},
	year = {2023}
}

@misc{web_yihua,
	author = {{YIHUA}},
	title = {Fuente de alimentación DC YIHUA-3010D},
	url = {http://yihuasoldering.com/product-4-2-30v-dc-power-supply/160008/},
	note = {Visitado el 02/04/2023},
	year = {2023}
}

@misc{web_putty,
	author = {{PuTTy}},
	title = {PuTTy},
	url = {https://www.putty.org/},
	note = {Visitado el 02/04/2023},
	year = {2023}
}

@misc{web_nx102,
	author = {{Omron}},
	title = {Machine Automation Controller NX1},
	url = {https://www.ia.omron.com/data_pdf/cat/nx1_p130-e1_dita_4_4_csm1063211.pdf?id=3705},
	note = {Visitado el 02/04/2023},
	year = {2023}
}

@misc{web_servo_panasonic,
	author = {{Panasonic}},
	title = {AC Servo Motors},
	url = {https://na.industrial.panasonic.com/products/industrial-automation/motion-control/lineup/ac-servo-motors},
	note = {Visitado el 22/04/2023},
	year = {2023}
}

@misc{web_actuator_market,
	author = {{Acumen Research and Consulting}},
	title = {Actuator Market Report and Region Forecast, 2022 - 2030},
	url = {https://www.globenewswire.com/news-release/2023/01/02/2581598/0/en/Actuator-Market-Size-is-expected-to-reach-at-USD-87-2-Billion-by-2030-registering-a-CAGR-of-7-3-Owing-to-increasing-Adoption-of-Automation-in-Various-Industries.html},
	note = {Visitado el 26/04/2023},
	year = {2023}
}

@misc{web_partes_servomotor,
	author = {{Josue Cetina}},
	title = {¿Que es un Servo Motor?},
	url = {https://www.logicbus.com.mx/blog/que-es-un-servo-motor/},
	note = {Visitado el 28/04/2023},
	year = {2023}
}

@misc{web_closed_loop_stepper,
	author = {{Autonics}},
	title = {Autonics Closed Loop Stepper Systems},
	url = {https://www.autonics.com/product/category/2000023},
	note = {Visitado el 28/04/2023},
	year = {2023}
}

@misc{web_nema_17_dimensions,
	author = {{reprap org}},
	title = {NEMA 17 Stepper motor},
	url = {https://reprap.org/wiki/NEMA_17_Stepper_motor},
	note = {Visitado el 28/04/2023},
	year = {2023}
}

@misc{web_modelo_osi,
	author = {{Cloudflare}},
	title = {¿Qué es el modelo OSI?},
	url = {https://www.cloudflare.com/es-es/learning/ddos/glossary/open-systems-interconnection-model-osi/},
	note = {Visitado el 28/04/2023},
	year = {2023}
}

@misc{web_can_bus_arduino,
	author = {{yida}},
	title = {Introduction to CAN-BUS and How to use it with Arduino},
	url = {https://www.seeedstudio.com/blog/2019/11/27/introduction-to-can-bus-and-how-to-use-it-with-arduino/},
	note = {Visitado el 28/04/2023},
	year = {2023}
}

@ARTICLE{can_trama_web,
	AUTHOR = "Mohamed Zohdy and Abdulaziz Alshammari and Debatosh Debnath and George Corser",
	TITLE = "Classification Approach for Intrusion Detection in Vehicle Systems",
	YEAR = 2018,
}